<?xml version="1.0" encoding="UTF-8"?><collection xmlns="http://www.loc.gov/MARC21/slim"><record><leader>00405nam--2200145-i-4500</leader><controlfield tag="001">000022822</controlfield><controlfield tag="002">20161230</controlfield><controlfield tag="005">20161230201034</controlfield><controlfield tag="008">060222s1000------------r-----000-0-eng-d</controlfield><datafield ind1=" " ind2=" " tag="080"><subfield code="a">621.039.85</subfield></datafield><datafield ind1=" " ind2=" " tag="245"><subfield code="a">Isotope techniques in the hydrologic cycle</subfield></datafield><datafield ind1=" " ind2=" " tag="260"><subfield code="a">Washington,American Geophysical Union, 1967. 199p</subfield></datafield><datafield ind1=" " ind2=" " tag="490"><subfield code="a">Geophysical Monograph Series,No.11</subfield></datafield><datafield ind1=" " ind2=" " tag="700"><subfield code="a">Stout, Glenn E</subfield></datafield><datafield ind1=" " ind2=" " tag="852"><subfield code="a">29176</subfield></datafield></record></collection>